<record><leader>00000cas a2200000 a 4500</leader><controlfield tag="001">1604786</controlfield><controlfield tag="008">750907d19091985mnudr ne      0   a0eng c</controlfield><controlfield tag="009">501</controlfield><datafield ind1=" " ind2=" " tag="010"><subfield code="a">sn 83016801 </subfield></datafield><datafield ind1=" " ind2=" " tag="040"><subfield code="a">MUL</subfield><subfield code="b">eng</subfield><subfield code="c">MUL</subfield><subfield code="d">DLC</subfield><subfield code="d">NSD</subfield><subfield code="d">NJW</subfield><subfield code="d">MN#</subfield><subfield code="d">OCLCQ</subfield><subfield code="d">DLC</subfield><subfield code="d">OCLCQ</subfield><subfield code="d">DLC</subfield><subfield code="d">OCLCF</subfield></datafield><datafield ind1=" " ind2=" " tag="012"><subfield code="j">0</subfield><subfield code="m">d</subfield></datafield><datafield ind1="1" ind2=" " tag="022"><subfield code="a">0746-701X</subfield><subfield code="l">0746-701X</subfield><subfield code="2">1</subfield></datafield><datafield ind1="1" ind2=" " tag="029"><subfield code="a">AU@</subfield><subfield code="b">000025784078</subfield></datafield><datafield ind1=" " ind2=" " tag="042"><subfield code="a">pcc</subfield><subfield code="a">nsdp</subfield></datafield><datafield ind1=" " ind2=" " tag="043"><subfield code="a">n-us-mn</subfield></datafield><datafield ind1="0" ind2="0" tag="050"><subfield code="a">Newspaper</subfield></datafield><datafield ind1=" " ind2=" " tag="052"><subfield code="a">4144</subfield><subfield code="b">S4</subfield></datafield><datafield ind1="0" ind2=" " tag="130"><subfield code="a">St. Paul pioneer press (Saint Paul, Minn. : 1909)</subfield></datafield><datafield ind1=" " ind2="0" tag="222"><subfield code="a">St. Paul pioneer press</subfield><subfield code="b">(St. Paul, Minn. 1909)</subfield></datafield><datafield ind1="1" ind2="0" tag="245"><subfield code="a">St. Paul pioneer press.</subfield></datafield><datafield ind1="3" ind2="0" tag="246"><subfield code="a">Saint Paul pioneer press</subfield></datafield><datafield ind1="3" ind2="0" tag="246"><subfield code="a">St. Paul pioneer press-dispatch</subfield></datafield><datafield ind1="3" ind2="0" tag="246"><subfield code="a">Saint Paul pioneer press dispatch</subfield></datafield><datafield ind1="3" ind2="0" tag="246"><subfield code="a">St. Paul pioneer press St. Paul dispatch</subfield></datafield><datafield ind1="3" ind2="0" tag="246"><subfield code="a">Saint Paul pioneer press Saint Paul dispatch</subfield></datafield><datafield ind1="3" ind2="0" tag="246"><subfield code="a">Sunday St. Paul pioneer press and Sunday St. Paul dispatch</subfield></datafield><datafield ind1="3" ind2="0" tag="246"><subfield code="a">Sunday Saint Paul pioneer press and Sunday Saint Paul dispatch</subfield></datafield><datafield ind1="3" ind2="0" tag="246"><subfield code="a">St. Paul Sunday pioneer press and St. Paul Sunday dispatch</subfield></datafield><datafield ind1="3" ind2="0" tag="246"><subfield code="a">Saint Paul Sunday pioneer press and Saint Paul Sunday dispatch</subfield></datafield><datafield ind1="3" ind2="0" tag="246"><subfield code="a">St. Paul Sunday pioneer press</subfield></datafield><datafield ind1="3" ind2="0" tag="246"><subfield code="a">Saint Paul Sunday pioneer press</subfield></datafield><datafield ind1="3" ind2="0" tag="246"><subfield code="a">Saint Paul pioneer press-dispatch</subfield></datafield><datafield ind1=" " ind2=" " tag="260"><subfield code="a">Saint Paul, Minn. :</subfield><subfield code="b">Pioneer Press Co.,</subfield><subfield code="c">1909-1985.</subfield></datafield><datafield ind1=" " ind2=" " tag="310"><subfield code="a">Daily</subfield></datafield><datafield ind1="0" ind2=" " tag="362"><subfield code="a">Vol. 56, no. 356 (Dec. 22, 1909)-v. 81, no. 255 (Sept. 12, 1934) ; 81st year, no. 256 (Sept. 13, 1934)-136th year, no. 450 (Jan. 1, 1985).</subfield></datafield><datafield ind1=" " ind2=" " tag="500"><subfield code="a">Saturday edition has title: St. Paul pioneer press-dispatch, Nov. 5, 1977-Sept. 8, 1979, May 30, 1981-Dec. 29, 1984; St. Paul pioneer press St. Paul dispatch, Sept. 15, 1979-May 23, 1981.</subfield></datafield><datafield ind1=" " ind2=" " tag="500"><subfield code="a">Sunday edition has title: Sunday St. Paul pioneer press and Sunday St. Paul dispatch, Dec. 26, 1909-Jan. 9, 1910; St. Paul Sunday pioneer press and St. Paul Sunday dispatch, Jan. 16, 1910-Mar. 31, 1918; St. Paul Sunday pioneer press, Apr. 7, 1918-Dec. 30, 1984.</subfield></datafield><datafield ind1=" " ind2=" " tag="500"><subfield code="a">"Oldest newspaper in Minnesota."</subfield></datafield><datafield ind1=" " ind2=" " tag="515"><subfield code="a">Suspended with Dec. 17, 1957 issue due to strike; resumed with Feb. 4, 1958 issue.</subfield></datafield><datafield ind1=" " ind2=" " tag="530"><subfield code="a">Available on microfilm from the Minnesota Historical Society, and the Library of Congress, Photoduplication Service.</subfield></datafield><datafield ind1=" " ind2=" " tag="580"><subfield code="a">Merged with: St. Paul dispatch, to form: St. Paul pioneer press dispatch (Saint Paul, Minn. : A.M. ed.), and: St. Paul pioneer press dispatch (Saint Paul, Minn. : P.M. ed.).</subfield></datafield><datafield ind1=" " ind2="0" tag="651"><subfield code="a">Saint Paul (Minn.)</subfield><subfield code="v">Newspapers.</subfield></datafield><datafield ind1=" " ind2="7" tag="655"><subfield code="a">Newspapers.</subfield><subfield code="2">fast</subfield><subfield code="0">(OCoLC)fst01423814</subfield></datafield><datafield ind1=" " ind2="7" tag="651"><subfield code="a">Minnesota</subfield><subfield code="z">Saint Paul.</subfield><subfield code="2">fast</subfield><subfield code="0">(OCoLC)fst01212130</subfield></datafield><datafield ind1=" " ind2=" " tag="752"><subfield code="a">United States</subfield><subfield code="b">Minnesota</subfield><subfield code="c">Ramsey</subfield><subfield code="d">Saint Paul.</subfield></datafield><datafield ind1="0" ind2="0" tag="780"><subfield code="t">Daily pioneer press</subfield><subfield code="w">(DLC)sn 83016792</subfield><subfield code="w">(OCoLC)2260103</subfield></datafield><datafield ind1="1" ind2="7" tag="785"><subfield code="t">St. Paul dispatch</subfield><subfield code="x">0746-7028</subfield><subfield code="w">(DLC)sn 83016851</subfield><subfield code="w">(OCoLC)1764846</subfield></datafield><datafield ind1="1" ind2="7" tag="785"><subfield code="t">St. Paul pioneer press dispatch (Saint Paul, Minn. : A.M. ed.)</subfield><subfield code="x">0892-1083</subfield><subfield code="w">(DLC)sn 87000148</subfield><subfield code="w">(OCoLC)15091101</subfield></datafield><datafield ind1="1" ind2="7" tag="785"><subfield code="t">St. Paul pioneer press dispatch (Saint Paul, Minn. : P.M. ed.)</subfield><subfield code="w">(DLC)sn 90059536</subfield></datafield><datafield ind1=" " ind2=" " tag="936"><subfield code="a">Unknown</subfield><subfield code="a">Nov. 10, 1983</subfield></datafield></record>